@BOOK{Agarwal,
author = "R. P. Agarwal and D. O'Regan",
title = "Ordinary and Partial Differential Equations: With Special Functions, Fourier Series, and Boundary Value Problems",
edition = "",
year = "2009",
adress = "New York",
publisher = "Springer",
chapter = "",
pages = "",
volume = ""
}

@article{Andino,
  title="La función delta de Dirac",
  author="Andino, F and Recarte, M. and Spilsbury, M.",
  journal="Revista de la escuela de física",
  volume="2",
  number="1",
  pages="60--61",
  year="2014",
  publisher="UNAH",
  url = {https://pdfs.semanticscholar.org/648b/67463802aae055392666c8f305a2b23c5977.pdf}
}

@BOOK{Apostol1,
author = "T. M. Apostol",
title = "Análisis matemático",
edition = "2",
year = "1996",
adress = "España, Barcelona",
publisher = "Editorial Reverté",
chapter = "",
pages = "",
volume = ""
}

@BOOK{Apostol2,
author = "T. M. Apostol",
title = "Calculus",
edition = "2",
year = "1985",
adress = "España, Barcelona",
publisher = "Editorial Reverté",
chapter = "",
pages = "",
volume = "2"
}

@BOOK{Arfken,
author = "G. Arfken and H. Weber",
title = "Mathematical methods for physicists",
edition = "7",
year = "2013",
adress = "USA",
publisher = "Elsevier Academic Press",
chapter = "",
pages = "",
volume = ""
}

@article{Bôcher,
  title="On Gibb's Phenomenon",
  author="M. Bôcher",
  journal="Math",
  volume="1914",
  number="144",
  pages="41--47",
  year="1914",
  publisher="Cambridge",
  doi = "https://doi.org/10.1515/crll.1914.144.41"
}

@BOOK{Brown,
author = "J. W. Brown and R. V. Churchill",
title = "Fourier series and boundary value problems",
edition = "5",
year = "1993",
adress = "New York",
publisher = "McGraw-Hill",
chapter = "",
pages = "",
volume = ""
}

@BOOK{Butkov,
author = "E. Butkov",
title = "Mathematical Physics",
edition = "1",
year = "1968",
adress = "Massachusetts",
publisher = "Addison-Wesley",
chapter = "",
pages = "",
volume = ""
}

@BOOK{Coddington,
author = "E. A. Coddington",
title = "An Introduction to Ordinary Differential Equations",
edition = "5",
year = "1961",
adress = "New York",
publisher = "Dover Publications",
chapter = "",
pages = "",
volume = ""
}

@BOOK{Courant,
author = "R. Courant and D. Hilbert",
title = "Methods of mathematical physics",
edition = "1",
year = "1937",
adress = "New York",
publisher = "Interscience Publishers",
chapter = "",
pages = "",
volume = "1"
}

@BOOK{Hassani,
author = "S. Hassani",
title = "Mathematical physics: a modern introduction to its foundations",
edition = "",
year = "1999",
adress = "New York",
publisher = "Springer",
chapter = "",
pages = "",
volume = ""
}

@BOOK{Hochstadt,
author = "H. Hochstadt",
title = "The functions of mathematical physics",
edition = "",
year = "1986",
adress = "New York",
publisher = "Dover Publications",
chapter = "",
pages = "",
volume = ""
}

@BOOK{Hsu,
author = "H. P. Hsu",
title = "Análisis de Fourier",
edition = "",
year = "1987",
adress = "E. U. A",
publisher = "Addison-Wesley Iberoamericana",
chapter = "",
pages = "",
volume = ""
}

@BOOK{Lang,
author = "Serge Lang",
title = "Analyis I",
edition = "",
year = "1968",
adress = "New York",
publisher = "Addison-Wesley",
chapter = "10 y 13",
pages = "",
volume = ""
}

@BOOK{Marsden,
author = "J. E. Marsden and M. J. Hoffman",
title = "Análisis clásico elemental",
edition = "2",
year = "1998",
adress = "Argentina",
publisher = "Addison-Wesley Iberoamericana",
chapter = "",
pages = "",
volume = ""
}

@misc{Mauch,
  author        = "Sean Mauch",
  title         = "Introduction to Methods of Applied Mathematics or Advanced Mathematical Methods for Scientists and Engineers",
  month         = "",
  year          = "2004",
  organization  = "",
  url = "http://www.its.caltech.edu/~sean"
}

@misc{Chile,
  author        = "V. Muñoz and J. Rogan",
  title         = "Métodos de la física matemática II",
  month         = "",
  year          = {2009},
   organization =" Departamento de Física, Facultad de Ciencias, Universidad de Chile"
}

@BOOK{Rainville,
author = "E. D. Rainville",
title = "Special functions",
edition = "",
year = "1960",
adress = "New York",
publisher = "The Macmillan company",
chapter = "",
pages = "",
volume = ""
}

@BOOK{Riley,
author = "K. F. Riley and M.P. Hobson and S. J. Bence",
title = "Mathematical Methods for Physics and Engineering",
edition = "",
year = "2006",
adress = "New York",
publisher = "Cambridge University Press",
chapter = "",
pages = "",
volume = ""
}

@article{UFRO,
  title="Series de Fourier y fenómeno de Gibbs",
  author="R. Rodríguez del Río and E. Zuazua",
  journal="CUBO, A Mathematical Journal",
  volume="5",
  number="2",
  pages="185--224",
  year="2003",
  publisher="UFRO",
  url = {http://revistas.ufro.cl/ojs/index.php/cubo/article/view/1695}
}

@misc{Rubilar,
  author        = "G. F. Rubilar",
  title         = "Física matemática II",
  month         = "",
  year          = "2019",
  organization  = "Departamento de Física, Facultad de Ciencias Físicas y Matemáticas, Universidad de Concepción",
  url = "https://github.com/gfrubi/FM2"
}

@misc{Ruiz,
  author        = "J. Ruiz",
  title         = "Series de Fourier",
  month         = "",
  year          = "2012",
   organization = "Departamento de Matemática, Facultad de Ciencias Físicas y Matemáticas, Universidad de Concepción"
}

@BOOK{Tolstov,
author = "G. P. Tolstov",
title = "Fourier Series",
edition = "",
year = "1962",
adress = "New York",
publisher = "Dover Publications",
chapter = "",
pages = "",
volume = ""
}

 @book{Spiegel_Liu_Lipschutz_2009, address= {New York}, edition={3. ed}, series={Schaum’s outline series}, title={Mathematical handbook of formulas and tables}, ISBN={978-0-07-154855-7}, publisher={McGraw-Hill}, author={Spiegel, Murray R. and Liu, John and Lipschutz, Seymour}, year={2009}, collection={Schaum’s outline series}, language={eng} }

 @book{Jackson_2021, address={Hoboken, NY}, edition={Third edition, international adaption}, title={Classical electrodynamics}, ISBN={978-1-119-77076-3}, publisher={Wiley}, author={Jackson, John David}, year={2021}, language={eng} }

 @misc{Bessel_function_2025, author={Wikipedia (en inglés)}, title={Bessel Function}, rights={Creative Commons Attribution-ShareAlike License}, url={https://en.wikipedia.org/w/index.php?title=Bessel_function&oldid=1270535814}, note={Page Version ID: 1270535814}, journal={Wikipedia}, year={2025}, month=jan}

 @book{Niksirat_2018, address={Department of Mathematical Sciences, University of Alberta, Canada}, title={Differential Equations: Partial and boundary value problems}, url={https://sites.ualberta.ca/~niksirat/PDE/PDE.html}, author={Niksirat, Mohammad}, year={2018} }

  @misc{ Frobenius_Wikipedia,
    author = "{Wikipedia contributors}",
    title = "Frobenius method --- {Wikipedia}{,} The Free Encyclopedia",
    year = "2024",
    howpublished = "\url{https://en.wikipedia.org/w/index.php?title=Frobenius_method&oldid=1226431177}",
    note = "[Online; accessed 7-February-2025]"
  }

   @book{Zill_2013, address={India}, edition={Décima edición}, title={A first course in differential equations with modeling applications}, ISBN={978-81-315-2282-0}, publisher={Cengage Learning}, author={Zill, Dennis G.}, year={2013}, language={eng} }

@misc{Barea,
  author        = {Barea, José},
  title         = {{Notas de clase de Física Matemática I}},
  month         = "",
  year          = "2021",
  organization  = "Departamento de Física, Facultad de Ciencias Físicas y Matemáticas, Universidad de Concepción"
}

 @book{Lebedev_Silverman_1972, address={New York}, edition={Rev. english ed}, title={Special functions and their applications}, ISBN={978-0-486-60624-8}, callNumber={515.5}, publisher={Dover publ}, author={Lebedev, Nikolaj Nikolaevič and Silverman, Richard A.}, year={1972}, language={eng} }

@misc{Reimberg2015,
      title={A completeness-like relation for Bessel functions}, 
      author={Paulo H. F. Reimberg and L. Raul Abramo},
      year={2015},
      eprint={1310.1128},
      archivePrefix={arXiv},
      primaryClass={math-ph},
      url={https://arxiv.org/abs/1310.1128}, 
}

 @book{Abramowitz_Stegun_1972, address={New York}, edition={Unabridged, unaltered and corr. republ. of the 1964 ed}, series={Dover books on advanced mathematics}, title={Handbook of mathematical functions: with formulas, graphs and mathematical tables [conference under the auspices of the National science foundation and the Massachussetts institute of technology]}, ISBN={978-0-486-61272-0}, callNumber={515}, publisher={Dover publ}, author={Abramowitz, Milton and Stegun, Irene A.}, year={1972}, collection={Dover books on advanced mathematics}, language={eng} }

 @book{Morse_Feshbach_1999, address={Boston, Mass}, series={International series in pure and applied physics}, title={Methods of theoretical physics}, ISBN={978-0-07-043316-8}, publisher={McGraw-Hill}, author={Morse, Philip McCord and Feshbach, Herman}, year={1999}, collection={International series in pure and applied physics}, language={eng} }

 @book{Cohen-Tannoudji_Diu_Laloë_2020, address={Weinheim}, edition={Second edition}, title={Quantum mechanics. Volume 1: Basic concepts, tools, and applications}, ISBN={978-3-527-34553-3}, publisher={Wiley-VCH Verlag GmbH \& Co. KGaA}, author={Cohen-Tannoudji, Claude and Diu, Bernard and Laloë, Franck}, editor={Reid Hemley, Susan and Ostrowsky, Nicole and Ostrowsky, Dan}, year={2020}, language={eng} }

 @book{Sakurai_Napolitano_2011, address={Boston, Mass.}, edition={2. ed., international ed}, title={Modern quantum mechanics}, ISBN={978-0-8053-8291-4}, publisher={Addison-Wesley, Pearson}, author={Sakurai, Jun J. and Napolitano, Jim}, year={2011}, language={eng} }
